<record><leader>00000cas a22000007a 4500</leader><controlfield tag="001">1764627</controlfield><controlfield tag="008">751101d18861973mnuwr ne      0    0eng d</controlfield><datafield ind1=" " ind2=" " tag="010"><subfield code="a">sn 89064512 </subfield></datafield><datafield ind1=" " ind2=" " tag="040"><subfield code="a">MUL</subfield><subfield code="b">eng</subfield><subfield code="c">MUL</subfield><subfield code="d">MN#</subfield><subfield code="d">OCLCQ</subfield><subfield code="d">OCLCF</subfield><subfield code="d">OCLCO</subfield></datafield><datafield ind1=" " ind2=" " tag="042"><subfield code="a">msc</subfield></datafield><datafield ind1=" " ind2=" " tag="043"><subfield code="a">n-us-mn</subfield></datafield><datafield ind1="0" ind2="0" tag="245"><subfield code="a">Royalton banner.</subfield></datafield><datafield ind1=" " ind2=" " tag="260"><subfield code="a">Royalton, Morrison County, Minn. :</subfield><subfield code="b">W.F. Street,</subfield><subfield code="c">-1973.</subfield></datafield><datafield ind1=" " ind2=" " tag="300"><subfield code="a">v.</subfield></datafield><datafield ind1=" " ind2=" " tag="310"><subfield code="a">Weekly</subfield></datafield><datafield ind1="1" ind2=" " tag="362"><subfield code="a">Began in Jan. 1886.</subfield></datafield><datafield ind1="0" ind2=" " tag="362"><subfield code="a">-v. 87, no. 17 (Apr. 26, 1973).</subfield></datafield><datafield ind1=" " ind2=" " tag="530"><subfield code="a">Available on microfilm from the Minnesota Historical Society.</subfield></datafield><datafield ind1=" " ind2=" " tag="588"><subfield code="a">Description based on: Vol. 2, no. 7 (Mar. 9, 1887).</subfield></datafield><datafield ind1=" " ind2="0" tag="651"><subfield code="a">Royalton (Minn.)</subfield><subfield code="v">Newspapers.</subfield></datafield><datafield ind1=" " ind2="7" tag="655"><subfield code="a">Newspapers.</subfield><subfield code="2">fast</subfield><subfield code="0">(OCoLC)fst01423814</subfield></datafield><datafield ind1=" " ind2="7" tag="651"><subfield code="a">Minnesota</subfield><subfield code="z">Royalton.</subfield><subfield code="2">fast</subfield><subfield code="0">(OCoLC)fst01254474</subfield></datafield><datafield ind1=" " ind2=" " tag="752"><subfield code="a">United States</subfield><subfield code="b">Minnesota</subfield><subfield code="c">Morrison</subfield><subfield code="d">Royalton.</subfield></datafield><datafield ind1="0" ind2="7" tag="785"><subfield code="t">Pierz journal</subfield><subfield code="w">(DLC)sn 89064511</subfield></datafield><datafield ind1="0" ind2="7" tag="785"><subfield code="t">Royalton banner-Pierz journal</subfield><subfield code="w">(DLC)sn 89064513</subfield></datafield></record>